@misc{ICPC,
	Howpublished = {http://icpc.baylor.edu/},
	Title = {{International Collegiate Programming Contest (ICPC)}}
}

@misc{ACIS,
	Howpublished = {http://acis.org.co/},
	Title = {{Asociaci{\'o}n Colombiana de Ingenieros de Sistemas (ACIS)}}
}

@book{Cormen,
	Address = {Cambridge, MA, USA},
	Author = {Cormen, Thomas H. and Leiserson, Charles E. and Rivest, Ronald L. and Stein, Clifford},
	Edition = {3ra},
	Publisher = {MIT Press},
	Title = {{Introduction to Algorithms}},
	Year = {2009}
}

@book{Halim,
	title={{Competitive Programming}},
	author={Halim, Steven and Halim, Felix},
	year={2010},
	publisher={Lulu. com}
}

@book{Halim2,
	title={{Competitive Programming 2}},
	author={Halim, Steven and Halim, Felix},
	year={2011},
	publisher={Lulu. com}
}

@book{ArtOfProgramming,
	title={Art of Programming Contest},
	author={Arefin, Ahmed Shamsul},
	year={2006},
	publisher={Gyankosh Prokashoni}
}
	
@inproceedings{PaperHalim,
	title={{Competitive Programming in National University of Singapore}},
	author={Halim, Steven and Halim, Felix},
	booktitle={Ediciones Sello Editorial SL (Presented at Collaborative Learning Initiative Symposium (CLIS) ACM ICPC World Final 2010, Harbin, China},
	year={2010}
}

@misc{AlgoNUS,
	Howpublished = {http://algorithmics.comp.nus.edu.sg/wiki/},
	Title = {{Algorithmics @ NUS Wiki.}},
	Author = {{Universidad Nacional de Singapur (NUS)}}
}

@misc{CourseNUS,
	Howpublished = {https://sites.google.com/site/stevenhalim/home/material},
	Title = {{Material de clases del curso Competitive Programming}},
	Author = {Halim, Steven}
}

@misc{CourseMIT,
	Author = {Leiserson, Charles and Demaine, Erik},
	Title = {{6.046J Introduction to Algorithms (SMA 5503)}},
	Howpublished = {{Massachusetts Institute of Technology: MIT OpenCourseWare}},
	Note = {http://ocw.mit.edu},
	Date = {Otoño 2005}
}

@misc{Coursera1,
	Author = {Roughgarden, Tim},
	Title = {{Algorithms: Design and Analysis, Part 1 (Stanford University)}},
	Howpublished = {https://www.coursera.org/course/algo},
	Date = {Marzo 2012}
}

@misc{Coursera2,
	Author = {Roughgarden, Tim},
	Title = {{Algorithms: Design and Analysis, Part 2 (Stanford University)}},
	Howpublished = {https://www.coursera.org/course/algo2},
	Date = {Diciembre 2012}
}

@misc{Brasil,
	Howpublished = {http://maratona.ic.unicamp.br/MaratonaVerao2012},
	Title = {{Material de Curso: Escola de Verão - Maratona de Programação 2012 - Instituto de Computação - UNICAMP}},
	Author = {Lopatin, A and Dias Moreira, F and Schaposnik Massolo, F I}
}

@misc{Codeforces,
	Howpublished = {http://www.codeforces.com},
	Title = {{Codeforces}},
	Author = {Mirzayanoc, M}
}

@misc{UVa,
	Howpublished = {http://uva.onlinejudge.org},
	Title = {{UVa Online Judge}},
	Author = {Revilla, M A}
}

@misc{Spoj,
	Howpublished = {http://www.spoj.com},
	Title = {{Sphere Online Judge}},
	Author = {{Sphere Research Labs}}
}

@book{C++,
	title={El lenguaje de programaci{\'o}n C++},
	author={Stroustrup, Bjarne},
	Publisher = {Addison Wesley},
	year={2002}
}

@book{ProgrammingChallenges,
  title={Programming challenges: The programming contest training manual},
  author={Skiena, Steven S and Revilla, Miguel A},
  year={2003},
  publisher={Springer Heidelberg}
}

@misc{UVaToolkit,
	Howpublished = {http://uvatoolkit.com/about.php},
	Title = {{UVa Toolkit}},
	Author = {Mark Greve}
}

@misc{FactorComun,
	Howpublished = {http://contests.factorcomun.org/},
	Title = {{Contests: Factor Común}},
	Author = {Mejía Posada, Andrés}
}

@misc{AhmedAly,
	Howpublished = {http://ahmed-aly.com/},
	Title = {{Virtual Online Contests}},
	Author = {Aly, Ahmed}

}

@misc{CCMP,
	Title = {{Circuito Colombiano de Maratones de Programación (CCMP)}},
	Howpublished = {http://acm.javeriana.edu.co/maratones/}
}

@misc{UTP,
	Title = {{IV Maratón de Programació UTP}},
	Author = {Universidad Tecnológica de Pereira},
	Howpublished = {http://acm.javeriana.edu.co/maratones/2013/05/02/iv-maraton-interna-de-programacion-utp-2013/}
}
